
    <record>
      <header>
        <identifier>oai:mst.rochester.edu:marcnormalization/48</identifier>
        <datestamp>2011-02-23T21:25:48Z</datestamp>
        <setSpec>MARCXMLbibliographic</setSpec>
        <setSpec>marcnormalization</setSpec>
      </header>
      <metadata>
        <marc:record xmlns:marc="http://www.loc.gov/MARC21/slim" xsi:schemaLocation="http://www.loc.gov/MARC21/slim http://localhost:8080/OAIToolkit/schema/MARC21slim_custom.xsd">
          <marc:leader>01225cas a22003498a 4500</marc:leader>
          <marc:controlfield tag="001">1719090</marc:controlfield>
          <marc:controlfield tag="005">20060731132526.0</marc:controlfield>
          <marc:controlfield tag="008">990715d19992001caumr p       0   a0eng d</marc:controlfield>
          <marc:controlfield tag="003">NRU</marc:controlfield>
          <marc:datafield ind1=" " ind2=" " tag="010">
            <marc:subfield code="a">sn 98001332 </marc:subfield>
          </marc:datafield>
          <marc:datafield ind1="0" ind2=" " tag="022">
            <marc:subfield code="a">1522-4724</marc:subfield>
          </marc:datafield>
          <marc:datafield ind1=" " ind2=" " tag="035">
            <marc:subfield code="a">(OCoLC)40198246</marc:subfield>
          </marc:datafield>
          <marc:datafield ind1=" " ind2=" " tag="040">
            <marc:subfield code="a">NSD</marc:subfield>
            <marc:subfield code="c">NSD</marc:subfield>
            <marc:subfield code="d">CUS</marc:subfield>
          </marc:datafield>
          <marc:datafield ind1=" " ind2=" " tag="042">
            <marc:subfield code="a">msc</marc:subfield>
          </marc:datafield>
          <marc:datafield ind1=" " ind2=" " tag="049">
            <marc:subfield code="a">RRRR</marc:subfield>
          </marc:datafield>
          <marc:datafield ind1=" " ind2=" " tag="090">
            <marc:subfield code="a">QH301</marc:subfield>
            <marc:subfield code="b">.M67</marc:subfield>
          </marc:datafield>
          <marc:datafield ind1=" " ind2=" " tag="099">
            <marc:subfield code="a">Serial</marc:subfield>
          </marc:datafield>
          <marc:datafield ind1="0" ind2="0" tag="245">
            <marc:subfield code="a">Molecular cell biology research communications.</marc:subfield>
          </marc:datafield>
          <marc:datafield ind1="1" ind2="3" tag="246">
            <marc:subfield code="a">MCBRC</marc:subfield>
          </marc:datafield>
          <marc:datafield ind1=" " ind2=" " tag="260">
            <marc:subfield code="a">San Diego, CA :</marc:subfield>
            <marc:subfield code="b">Academic Press,</marc:subfield>
            <marc:subfield code="c">c1999-c2001.</marc:subfield>
          </marc:datafield>
          <marc:datafield ind1=" " ind2=" " tag="300">
            <marc:subfield code="a">4 v. :</marc:subfield>
            <marc:subfield code="b">ill. ;</marc:subfield>
            <marc:subfield code="c">28 cm.</marc:subfield>
          </marc:datafield>
          <marc:datafield ind1=" " ind2=" " tag="310">
            <marc:subfield code="a">Monthly</marc:subfield>
          </marc:datafield>
          <marc:datafield ind1="0" ind2=" " tag="362">
            <marc:subfield code="a">Vol. 1, no. 1 (Apr. 1999)-v. 4, no. 6 (Nov. 2001).</marc:subfield>
          </marc:datafield>
          <marc:datafield ind1=" " ind2=" " tag="500">
            <marc:subfield code="a">"Part B of Biochemical and biophysical research communications."</marc:subfield>
          </marc:datafield>
          <marc:datafield ind1=" " ind2=" " tag="530">
            <marc:subfield code="a">Also available via the Internet (PDF format).</marc:subfield>
          </marc:datafield>
          <marc:datafield ind1=" " ind2=" " tag="580">
            <marc:subfield code="a">Absorbed by: Archives of biochemistry and biophysics, Nov. 2001.</marc:subfield>
          </marc:datafield>
          <marc:datafield ind1=" " ind2="0" tag="650">
            <marc:subfield code="a">Biochemistry</marc:subfield>
            <marc:subfield code="v">Periodicals.</marc:subfield>
          </marc:datafield>
          <marc:datafield ind1=" " ind2="0" tag="650">
            <marc:subfield code="a">Biophysics</marc:subfield>
            <marc:subfield code="v">Periodicals.</marc:subfield>
          </marc:datafield>
          <marc:datafield ind1=" " ind2="2" tag="650">
            <marc:subfield code="a">Biochemistry</marc:subfield>
            <marc:subfield code="v">Periodicals.</marc:subfield>
          </marc:datafield>
          <marc:datafield ind1=" " ind2="2" tag="650">
            <marc:subfield code="a">Biophysics</marc:subfield>
            <marc:subfield code="v">Periodicals.</marc:subfield>
          </marc:datafield>
          <marc:datafield ind1="1" ind2=" " tag="776">
            <marc:subfield code="t">Molecular cell biology research communications (Online)</marc:subfield>
            <marc:subfield code="x">1522-4732</marc:subfield>
            <marc:subfield code="w">(DLC)sn 98001337</marc:subfield>
          </marc:datafield>
          <marc:datafield ind1="0" ind2="1" tag="780">
            <marc:subfield code="t">Biochemical and biophysical research communications</marc:subfield>
            <marc:subfield code="x">0006-291X</marc:subfield>
            <marc:subfield code="w">(OCoLC)1532958</marc:subfield>
          </marc:datafield>
          <marc:datafield ind1=" " ind2=" " tag="931">
            <marc:subfield code="a">Text</marc:subfield>
            <marc:subfield code="5">NRU</marc:subfield>
          </marc:datafield>
          <marc:datafield ind1=" " ind2=" " tag="932">
            <marc:subfield code="a">Language material</marc:subfield>
            <marc:subfield code="5">NRU</marc:subfield>
          </marc:datafield>
          <marc:datafield ind1=" " ind2=" " tag="933">
            <marc:subfield code="a">Text</marc:subfield>
            <marc:subfield code="5">NRU</marc:subfield>
          </marc:datafield>
          <marc:datafield ind1=" " ind2=" " tag="935">
            <marc:subfield code="a">Serial</marc:subfield>
            <marc:subfield code="5">NRU</marc:subfield>
          </marc:datafield>
          <marc:datafield ind1=" " ind2=" " tag="937">
            <marc:subfield code="a">Non-Fiction</marc:subfield>
            <marc:subfield code="5">NRU</marc:subfield>
          </marc:datafield>
          <marc:datafield ind1=" " ind2=" " tag="939">
            <marc:subfield code="a">1999-2001</marc:subfield>
            <marc:subfield code="5">NRU</marc:subfield>
          </marc:datafield>
          <marc:datafield ind1=" " ind2=" " tag="941">
            <marc:subfield code="a">eng</marc:subfield>
            <marc:subfield code="5">NRU</marc:subfield>
          </marc:datafield>
          <marc:datafield ind1=" " ind2=" " tag="943">
            <marc:subfield code="a">English</marc:subfield>
            <marc:subfield code="5">NRU</marc:subfield>
          </marc:datafield>
          <marc:datafield ind1=" " ind2=" " tag="035">
            <marc:subfield code="a">(NRU)1719090</marc:subfield>
          </marc:datafield>
          <marc:datafield ind1="0" ind2=" " tag="130">
            <marc:subfield code="a">Molecular cell biology research communications.</marc:subfield>
          </marc:datafield>
          <marc:datafield ind1=" " ind2="0" tag="965">
            <marc:subfield code="a">Biochemistry</marc:subfield>
            <marc:subfield code="5">NRU</marc:subfield>
          </marc:datafield>
          <marc:datafield ind1=" " ind2="0" tag="965">
            <marc:subfield code="a">Biophysics</marc:subfield>
            <marc:subfield code="5">NRU</marc:subfield>
          </marc:datafield>
          <marc:datafield ind1=" " ind2="2" tag="965">
            <marc:subfield code="a">Biochemistry</marc:subfield>
            <marc:subfield code="5">NRU</marc:subfield>
          </marc:datafield>
          <marc:datafield ind1=" " ind2="2" tag="965">
            <marc:subfield code="a">Biophysics</marc:subfield>
            <marc:subfield code="5">NRU</marc:subfield>
          </marc:datafield>
          <marc:datafield ind1=" " ind2="0" tag="969">
            <marc:subfield code="v">Periodicals.</marc:subfield>
            <marc:subfield code="5">NRU</marc:subfield>
          </marc:datafield>
          <marc:datafield ind1=" " ind2="2" tag="969">
            <marc:subfield code="v">Periodicals.</marc:subfield>
            <marc:subfield code="5">NRU</marc:subfield>
          </marc:datafield>
        </marc:record>
      </metadata>
    </record>
    <record>
      <header>
        <identifier>oai:mst.rochester.edu:marcnormalization/49</identifier>
        <datestamp>2011-02-23T21:25:48Z</datestamp>
        <setSpec>MARCXMLholding</setSpec>
        <setSpec>marcnormalization</setSpec>
      </header>
      <metadata>
        <marc:record xmlns:marc="http://www.loc.gov/MARC21/slim" xsi:schemaLocation="http://www.loc.gov/MARC21/slim http://localhost:8080/OAIToolkit/schema/MARC21slim_custom.xsd">
          <marc:leader>00243cy  a22000973  4500</marc:leader>
          <marc:controlfield tag="001">1845448</marc:controlfield>
          <marc:controlfield tag="004">1719090</marc:controlfield>
          <marc:controlfield tag="005">20000925130251.0</marc:controlfield>
          <marc:controlfield tag="008">9907164p    8   0001uueng0901128        </marc:controlfield>
          <marc:datafield ind1="0" ind2=" " tag="852">
            <marc:subfield code="b">CarlPer</marc:subfield>
            <marc:subfield code="h">QH301</marc:subfield>
            <marc:subfield code="i">.M67</marc:subfield>
          </marc:datafield>
          <marc:datafield ind1="3" ind2="0" tag="866">
            <marc:subfield code="a">v.1, no.1 (April 1999)-</marc:subfield>
            <marc:subfield code="x">2 hour item type</marc:subfield>
          </marc:datafield>
        </marc:record>
      </metadata>
    </record>
    <record>
      <header>
        <identifier>oai:mst.rochester.edu:marcnormalization/50</identifier>
        <datestamp>2011-02-23T21:25:48Z</datestamp>
        <setSpec>MARCXMLholding</setSpec>
        <setSpec>marcnormalization</setSpec>
      </header>
      <metadata>
        <marc:record xmlns:marc="http://www.loc.gov/MARC21/slim" xsi:schemaLocation="http://www.loc.gov/MARC21/slim http://localhost:8080/OAIToolkit/schema/MARC21slim_custom.xsd">
          <marc:leader>00214cy  a22000973  4500</marc:leader>
          <marc:controlfield tag="001">1886969</marc:controlfield>
          <marc:controlfield tag="004">1719090</marc:controlfield>
          <marc:controlfield tag="005">20020318100710.0</marc:controlfield>
          <marc:controlfield tag="008">0003104p    8   0001uueng0901128</marc:controlfield>
          <marc:datafield ind1="8" ind2=" " tag="852">
            <marc:subfield code="b">MinerSer2</marc:subfield>
            <marc:subfield code="h">Serial</marc:subfield>
          </marc:datafield>
          <marc:datafield ind1=" " ind2="0" tag="866">
            <marc:subfield code="a">v. 3 (2000)-v. 4 (2001)</marc:subfield>
          </marc:datafield>
        </marc:record>
      </metadata>
    </record>